<collection xmlns="http://www.loc.gov/MARC21/slim">
<record>
  <leader>01207nam0a2200229 i 450 </leader>
  <controlfield tag="001">IT\ICCU\CNCE\067893</controlfield>
  <controlfield tag="005">20071024000000.0</controlfield>
  <datafield tag="012" ind1=" " ind2=" ">
    <subfield code="a">mae, i,to o,na nodo (C) 1591 (R)</subfield>
    <subfield code="2">fei</subfield>
  </datafield>
  <datafield tag="100" ind1=" " ind2=" ">
    <subfield code="a">20060908d1591        0itac0103    ba</subfield>
  </datafield>
  <datafield tag="101" ind1=" " ind2=" ">
    <subfield code="a">ITA</subfield>
  </datafield>
  <datafield tag="102" ind1=" " ind2=" ">
    <subfield code="a">IT</subfield>
  </datafield>
  <datafield tag="200" ind1="1" ind2=" ">
    <subfield code="a">℗La ℗estirpatione delli banditi di Romagna. Fatta dal sereniss. duca di Ferrara, &amp; dall&apos;illustriss. &amp; reuerendiss. cardinal Sforza, legato di Romagna. doue s&apos;intende la morte di mille cento ottanta quattro banditi et anco la liberazione di quella provincia; &amp; parte delli delitti, &amp; assasinamenti, che commetteuano quei scelerati in quelle parti</subfield>
  </datafield>
  <datafield tag="210" ind1=" " ind2=" ">
    <subfield code="a">In Bologna</subfield>
    <subfield code="d">et in Alessandria</subfield>
    <subfield code="c">appresso Hercole Quintiano</subfield>
    <subfield code="d">1591</subfield>
  </datafield>
  <datafield tag="215" ind1=" " ind2=" ">
    <subfield code="a">\4! c.</subfield>
    <subfield code="d">8ʻ</subfield>
  </datafield>
  <datafield tag="620" ind1=" " ind2=" ">
    <subfield code="a">IT</subfield>
    <subfield code="d">Alessandria</subfield>
  </datafield>
  <datafield tag="712" ind1="0" ind2="0">
    <subfield code="a">Quinciano, Ercole</subfield>
    <subfield code="3">IT\ICCU\CNCT\000572</subfield>
    <subfield code="4">650</subfield>
  </datafield>
  <datafield tag="791" ind1="0" ind2="0">
    <subfield code="a">Quinzano, Ercole</subfield>
    <subfield code="3">IT\ICCU\CNCT\002540</subfield>
    <subfield code="z">Quinciano, Ercole</subfield>
  </datafield>
  <datafield tag="791" ind1="0" ind2="0">
    <subfield code="a">Quintanus, Hercules</subfield>
    <subfield code="3">IT\ICCU\CNCT\004063</subfield>
    <subfield code="z">Quinciano, Ercole</subfield>
  </datafield>
  <datafield tag="791" ind1="0" ind2="0">
    <subfield code="a">Quinctianus, Hercules</subfield>
    <subfield code="3">IT\ICCU\CNCT\005272</subfield>
    <subfield code="z">Quinciano, Ercole</subfield>
  </datafield>
  <datafield tag="791" ind1="0" ind2="0">
    <subfield code="a">Quintiano, Ercole</subfield>
    <subfield code="3">IT\ICCU\CNCT\005273</subfield>
    <subfield code="z">Quinciano, Ercole</subfield>
  </datafield>
  <datafield tag="801" ind1=" " ind2="3">
    <subfield code="a">IT</subfield>
    <subfield code="b">ICCU</subfield>
    <subfield code="c">20201115</subfield>
  </datafield>
  <datafield tag="899" ind1=" " ind2=" ">
    <subfield code="a">Biblioteca nazionale universitaria. Torino</subfield>
    <subfield code="1">TO0265</subfield>
    <subfield code="2">TO0 02</subfield>
  </datafield>
</record>
</collection>
